<record><leader>00000cas a22000007a 4500</leader><controlfield tag="001">24896751</controlfield><controlfield tag="008">911205d192619uuncuwn ne      0    0eng d</controlfield><datafield ind1=" " ind2=" " tag="010"><subfield code="a">sn 91068754 </subfield></datafield><datafield ind1=" " ind2=" " tag="040"><subfield code="a">NVJ</subfield><subfield code="b">eng</subfield><subfield code="c">NVJ</subfield><subfield code="d">OCLCQ</subfield></datafield><datafield ind1=" " ind2=" " tag="042"><subfield code="a">msc</subfield></datafield><datafield ind1="0" ind2=" " tag="130"><subfield code="a">Ruralite (Sylva, N.C.)</subfield></datafield><datafield ind1="1" ind2="4" tag="245"><subfield code="a">The ruralite.</subfield></datafield><datafield ind1=" " ind2=" " tag="260"><subfield code="a">Sylva, N.C. :</subfield><subfield code="b">Print Shop</subfield></datafield><datafield ind1=" " ind2=" " tag="300"><subfield code="a">v.</subfield></datafield><datafield ind1=" " ind2=" " tag="310"><subfield code="a">Weekly (except at Christmas)</subfield></datafield><datafield ind1="0" ind2=" " tag="362"><subfield code="a">Vol. 1, no. 1 (Apr. 27, 1926)-</subfield></datafield><datafield ind1=" " ind2=" " tag="752"><subfield code="a">United States</subfield><subfield code="b">North Carolina</subfield><subfield code="c">Jackson</subfield><subfield code="d">Sylva.</subfield></datafield><datafield ind1="0" ind2="7" tag="785"><subfield code="t">Sylva herald</subfield></datafield><datafield ind1="0" ind2="7" tag="785"><subfield code="t">Sylva herald and ruralite</subfield><subfield code="w">(DLC)sn 92074071</subfield></datafield></record>